@article{photonics1,
    title={Cation exchange assisted synthesis of ZnCdSe/ZnSe quantum dots with narrow emission line widths and near-unity photoluminescence quantum yields},
    author={Jin, X. \textit{et al}},
    journal={Chem. Commun.},
    volume={56},
    pages={6130--6133},
    year={2020},
    publisher={Royal Society of Chemistry}
}
